<record><leader>00000cas a22000007a 4500</leader><controlfield tag="001">10206537</controlfield><controlfield tag="008">831209d19121928mtuwr ne      0    0eng d</controlfield><datafield ind1=" " ind2=" " tag="010"><subfield code="a">sn 83047006 </subfield></datafield><datafield ind1=" " ind2=" " tag="040"><subfield code="a">MTL</subfield><subfield code="b">eng</subfield><subfield code="c">MTL</subfield><subfield code="d">OCLCQ</subfield></datafield><datafield ind1=" " ind2=" " tag="042"><subfield code="a">msc</subfield></datafield><datafield ind1="0" ind2="4" tag="245"><subfield code="a">The Absarokee enterprise.</subfield></datafield><datafield ind1=" " ind2=" " tag="260"><subfield code="a">Absarokee, Mont. :</subfield><subfield code="b">Edmunds &amp; Co.,</subfield><subfield code="c">1912-1928.</subfield></datafield><datafield ind1=" " ind2=" " tag="300"><subfield code="a">7 v. :</subfield><subfield code="b">ill.</subfield></datafield><datafield ind1=" " ind2=" " tag="310"><subfield code="a">Weekly</subfield></datafield><datafield ind1="0" ind2=" " tag="362"><subfield code="a">Vol. 1, no. 1 (Nov. 29, 1912)-v. 7, no. 52 (June 14, 1928).</subfield></datafield><datafield ind1=" " ind2=" " tag="500"><subfield code="a">Publisher varies.</subfield></datafield><datafield ind1=" " ind2=" " tag="515"><subfield code="a">Some numbering peculiarities.</subfield></datafield><datafield ind1=" " ind2=" " tag="525"><subfield code="a">Supplements accompany many of the 1912 and 1913 issues.</subfield></datafield><datafield ind1=" " ind2=" " tag="530"><subfield code="a">1912-1913 available on microfilm from the Montana Historical Society.</subfield></datafield><datafield ind1=" " ind2=" " tag="530"><subfield code="a">1922-1928 available on microfilm from Micro Photo Division, Bell and Howell.</subfield></datafield><datafield ind1=" " ind2=" " tag="752"><subfield code="a">United States</subfield><subfield code="b">Montana</subfield><subfield code="c">Stillwater</subfield><subfield code="d">Absarokee.</subfield></datafield><datafield ind1="0" ind2="0" tag="785"><subfield code="t">Stillwater enterprise</subfield></datafield></record>